3022 4894
596 315 599 322 .
648 281 778 324 vultuum
791 280 903 322 nummu
918 281 965 322 x11

326 432 428 512 eruam
454 456 482 509 et
505 467 597 526 aequa
622 447 685 516 solo
707 447 850 510 fumantia
872 445 999 508 culmina
1021 463 1139 524 ponam.

235 632 239 638 ¹
325 557 436 622 scilicet
457 563 618 637 expectem,
642 557 733 618 libeat
751 557 821 618 dum
845 554 957 636 proelia
980 555 1081 617 Turno

324 677 424 731 nostra
447 669 507 746 pati
529 685 691 746 rursusque
714 666 783 728 velit
804 684 983 733 concurrere
1003 666 1115 728 rictus?

325 781 382 840 hoc
406 785 502 856 eaput,
526 798 543 839 o
563 779 649 848 cirea,
672 777 746 838 baec
768 777 837 838 belli
857 794 972 838 summa
993 776 1125 837 nefandi:

325 890 399 951 terte
422 889 502 949 iaces
521 905 649 967 propere
671 887 833 966 foedusque
851 888 998 964 reposcite
1016 885 1159 947 dammis!

325 1001 447 1069 dixerat,
471 1005 558 1077 atque
579 998 684 1077 animis
701 999 813 1076 pariter
835 995 1016 1058 certantibus
1036 1014 1140 1058 omues

325 1111 396 1171 dant
418 1126 543 1170 cuneum
565 1108 714 1186 densaque
734 1108 772 1168 ad
794 1095 993 1168 murcs'mole
1016 1106 1161 1168 teruntur.

325 1219 589 1296 scalae-inproviso
610 1211 786 1296 subitusque
805 1219 940 1295 apparuit
962 1218 1046 1294 ignis.

326 1331 496 1392 discurrunt
517 1328 565 1389 alii
587 1328 622 1388 ad
643 1335 743 1406 portas
766 1329 936 1406 primosque
960 1327 1116 1396 trucidant,

326 1441 437 1501 terrum
462 1437 510 1499 alii
530 1445 671 1516 torquent
691 1445 720 1498 et
740 1436 919 1498 obumbrant
941 1436 1059 1498 aethera
1083 1435 1156 1497 telis.
1198 1515 1202 1521 μ

324 1553 388 1630 ipse
408 1551 484 1610 inter
505 1550 617 1627 primos
641 1548 771 1609 dextram
793 1547 848 1609 sub
872 1548 987 1609 moenia
1007 1547 1100 1608 tendit

323 1661 438 1729 deneas
459 1676 624 1737 magnaque
642 1659 757 1719 incusat
779 1676 849 1718 voce
868 1658 1004 1718 Latinum

324 1777 506 1848 testaturque
529 1768 609 1838 deos,
632 1770 738 1829 iterum
761 1786 793 1829 se
815 1769 852 1829 ad
873 1768 984 1846 proelia
1008 1768 1083 1844 cogi,

322 1881 368 1941 bis
391 1881 447 1940 iarn
469 1877 558 1939 italos
580 1880 680 1948 bostis,
699 1879 772 1940 haec
793 1877 884 1938 altera
907 1878 1025 1938 foedera
1049 1878 1156 1954 rumpi.

188 2049 194 2062 ‚
324 1991 454 2052 exoritur
474 1988 605 2066 trepidos
627 1990 703 2049 inter
721 1987 867 2048 discordia
888 1987 973 2048 civis:
1005 2040 1013 2049 .

309 2075 427 2161 ‘urbem
451 2097 499 2185 alii
516 2117 651 2160 reserare
673 2098 776 2160 iubent
799 2104 828 2158 et
848 2099 980 2177 pandere
999 2105 1100 2177 portas

322 2209 495 2270 Dardanidis
516 2210 671 2288 ipsumque
690 2209 810 2268 trabunt
829 2211 857 2269 in
880 2209 994 2268 moenia
1016 2225 1127 2285 regem,

322 2335 405 2382 arma
427 2317 526 2380 ierunt
546 2318 595 2380 alii
615 2326 643 2380 et
661 2325 790 2397 pergunt
812 2318 970 2379 detondere
992 2335 1103 2378 muros.

261 2453 265 2460 ·
321 2411 448 2492 inclusas
472 2438 504 2489 ut
524 2448 590 2489 curn
610 2428 757 2490 latebroso
777 2431 805 2488 in
827 2431 943 2507 pumice
963 2435 1064 2506 pastor

237 2702 439 2748 maurinom.

302 2792 353 2844 559
372 2792 415 2842 ‘et
433 2828 480 2842 ...
500 2790 613 2858 ponam‘
633 2792 744 2846 Servius
762 2792 830 2842 Aen.
850 2793 903 2842 XII
919 2790 969 2842 554
1054 2791 1104 2842 572
1128 2791 1193 2841 ‘hoc
1212 2829 1239 2842 ..
1255 2830 1262 2843 .
1281 2790 1373 2844 ciraa'

234 2863 320 2914 Probi
336 2863 401 2910 inat.
421 2861 434 2909 I
451 2860 476 2922 4,
493 2859 522 2909 17
540 2861 676 2910 Maximus
694 2859 765 2910 vict.
784 2861 818 2910 de
837 2859 881 2910 fin.
900 2860 916 2910 5
934 2877 961 2926 p.
978 2858 1028 2909 457
1046 2859 1128 2910 Endl.
1146 2859 1301 2912 Martianus
1320 2860 1374 2911 Ca-

234 2930 311 2997 pella
328 2931 369 2980 111
387 2926 438 2978 278
456 2927 567 2978 Servius
585 2928 618 2978 da
637 2928 686 2978 ult.
705 2927 767 2990 syll.
788 2926 852 2976 1802
869 2929 903 2978 Ρ.
982 2927 1033 2977 574
1053 2926 1176 2977 ‘dixerat
1194 2964 1244 2980 ...
1265 2934 1373 2980 certan—

235 2995 323 3048 tibus'
342 2997 427 3048 Probi
444 2995 508 3046 inst.
528 2994 610 3058 19,8
677 2993 727 3046 585
747 2996 849 3061 ‘ipsum
868 3032 917 3047 ...
937 2992 1047 3060 regem'
1067 2994 1178 3046 Servius
1195 2996 1264 3048 Aen.
1282 2998 1312 3048 11
1323 2994 1374 3047 480

172 3309 178 3316 ,
233 3257 331 3300 vnnrn
346 3252 472 3298 nauum.

318 3355 369 3410 569
387 3342 512 3424 ponto
570 3352 622 3408 570
637 3346 828 3403 EXSPECTEM
847 3347 893 3423 Ry
953 3354 1002 3410 571
1019 3347 1101 3426 ⁴uellit
1116 3349 1147 3408 bl
1209 3366 1374 3406 concurrec

288 3463 340 3520 otu
361 3461 397 3518 Oc
411 3465 443 3517 ct
468 3456 623 3529 Oseruius
638 3458 832 3514 Pulsebionus
915 3451 969 3519 573
989 3459 1101 3533 properi
1118 3477 1159 3522 m,
1181 3459 1294 3533 Merop.
1312 3478 1372 3531 pr„

158 3592 162 3598 ,
233 3543 391 3616 ‘plerique'
408 3543 540 3658 Pierp‘lam‘
607 3542 731 3616 phoedui
743 3560 762 3617 y
835 3542 1092 3610 5741557117»
1123 3545 1254 3601 omniibi
1322 3551 1373 3606 575

232 3649 354 3754 murino
410 3677 589 3733 runenrvn
603 3677 630 3732 r
685 3683 736 3739 oro
753 3676 970 3735 rmnousor
1023 3679 1127 3735 subito.
1143 3686 1179 3754 72
1198 3675 1372 3756 (taciturn)

288 3802 339 3858 577
351 3781 412 3850 'Ait
427 3795 457 3912 1}
514 3795 630 3869 fatigant
644 3813 679 3858 m.
695 3795 796 3852 Moret.
810 3815 869 3867 pr„
885 3798 989 3858 Hamb.
1006 3799 1065 3867 alt,
1084 3798 1227 3871 Oblonpus
1238 3799 1338 3916 Pnpp'p'1

231 3938 283 3994 578
298 3931 472 3987 OBVMBRAT
489 3930 517 3985 P
573 3931 654 3988 thelii
666 3933 682 3988 b
739 3939 787 3992 581
805 3933 938 4006 praeliab
994 3940 1045 3994 582
1061 3935 1127 3991 citii
1139 3935 1155 3990 5
1213 3933 1300 3989 HAEC
1315 3933 1371 3989 ni-

232 4015 318 4074 ΤΕΒΑ
332 4016 367 4072 M
420 4021 472 4076 583
491 4014 571 4072 ulvis
588 4015 608 4088 (i
619 4023 695 4088 post.
710 4020 833 4081 carnin
849 4016 879 4090 E)
895 4018 921 4072 P
941 4017 1032 4076 CIVES
1047 4019 1129 4094 Ryde
1188 4025 1240 4078 581
1254 4011 1371 4074 unsri-

229 4123 360 4200 RAREP
381 4134 628 4191 nusununnuM
699 4142 749 4197 585
764 4136 926 4192 Dardanides
937 4146 967 4196 cl
1030 4137 1175 4212 thrauntp
1236 4143 1288 4198 586
1306 4095 1369 4194 ΑΙᾸΙ

230 4220 267 4373 (IL
268 4215 472 4377 uszpppepdebe
488 4219 595 4293 muros)
610 4220 626 4275 b
670 4314 674 4320 ι
702 4226 752 4280 587
770 4228 800 4275 ut
814 4216 889 4297 cum]
907 4221 1024 4279 buturi
1040 4222 1074 4276 M
1088 4228 1118 4278 ut
1133 4225 1184 4282 749
1243 4223 1312 4298 imp
