3022 4894
519 304 649 346 vesona
665 305 777 348 ABREIS
793 306 841 348 111

192 481 254 534 tum
278 473 381 550 magis,
404 477 436 532 ut
457 471 581 550 propius
600 479 727 532 cernunt
749 489 809 532 non
827 472 939 534 viribus
961 473 1137 553 aequis...

194 583 309 644 afflarat
333 584 449 644 incessu
469 581 557 642 tacito
579 597 758 659 progressus
780 589 810 642 et
830 600 912 643 aram

194 692 366 772 suppliciter
388 707 533 754 venerans
555 691 681 752 demisso
703 691 814 752 lumine
834 691 954 753 'turnus

194 803 386 886 tabentesque
410 819 502 880 genae
525 809 553 862 ct
573 801 696 862 iuvenali
719 804 749 861 in
772 819 898 880 corpore
919 801 1023 880 pallor.

194 931 281 992 quani
303 911 390 972 simul
412 931 447 972 ac
469 912 590 972 Iuturna
616 929 702 971 soror
723 910 914 972 crebrescere
935 913 1005 972 vidit

194 1002 361 1083 sebnronem
385 1029 413 1082 et
436 1020 512 1097 voigi
533 1021 646 1082 variare
668 1017 794 1081 labantia
817 1021 917 1091 corda,

194 1134 222 1192 in
245 1132 357 1192 medias
380 1134 466 1200 acies,
485 1131 610 1192 formam
632 1130 805 1192 adsimulata
826 1132 954 1192 Camerti

194 1242 274 1321 (quoi
293 1258 386 1318 genus
407 1259 423 1301 a
446 1243 563 1319 proavis
586 1242 690 1318 ingens
715 1240 887 1320 clarumque
905 1247 1046 1319 paternae

193 1369 302 1412 nomen
322 1359 385 1410 erat
406 1351 528 1422 virtutis,
552 1357 580 1410 et
602 1352 665 1429 ipse
685 1352 848 1412 acerrimus
870 1351 981 1431 armis),

192 1463 222 1520 in
246 1461 357 1521 medias
378 1461 427 1520 dat
449 1479 514 1522 sese
537 1462 616 1522 acies
638 1461 708 1521 baut
728 1463 826 1521 nescia
852 1479 953 1536 rerum

116 1649 120 1658 Ι
193 1587 389 1648 rumoresque
412 1571 483 1630 serit
507 1571 602 1632 varios
623 1589 658 1631 ac
680 1569 748 1632 talia
769 1571 863 1632 satur:

104 1843 311 1888 TESTIMONIA.

6 1951 7 1988 t
174 1931 226 1983 219
244 1949 284 1998 sq.
305 1932 347 1982 ‘et
366 1948 442 1982 aram
528 1931 680 1983 venerans'
700 1933 812 1983 Servius
830 1933 899 1983 Aen.
919 1933 974 1983 XII
992 1933 1042 1984 234
1121 1933 1169 1983 221
1188 1934 1248 1983 Ma-

106 2002 220 2052 crobius
239 2001 299 2050 Sat.
317 2001 354 2050 IV
372 1999 396 2064 3,
415 2001 432 2049 4
511 2001 562 2050 224
581 2001 710 2050 ‘Iuturna
728 2002 844 2050 sormam
863 2017 888 2050 a.
908 1999 948 2051 C)
967 2001 1127 2052 Macrobius
1145 2001 1205 2052 Sat.
1224 2001 1249 2051 V

6 2103 7 2132 1
107 2068 200 2133 15,11
272 2067 402 2117 ‘formam
421 2084 446 2116 a.
466 2065 508 2116 C.’
527 2069 676 2118 Diomedes
694 2067 744 2119 362
762 2070 922 2119 Priscianus
940 2067 999 2118 797.
1018 2068 1069 2119 799
1086 2070 1117 2119 Ρ.
1135 2069 1247 2120 Arusia-

104 2152 158 2186 nus
176 2152 203 2202 p.
222 2135 273 2186 215
290 2137 324 2186 L.
392 2133 443 2184 228
460 2135 618 2186 Macrobius
637 2136 695 2188 Set.
714 2137 752 2185 VI
773 2135 795 2198 l,
815 2135 848 2186 33

106 2291 311 2304 ‚—.-—-.-..

5 2451 6 2484 ἶ
103 2409 204 2454 VARIA
217 2408 343 2478 Ltrjtrlo.

192 2518 245 2572 218
260 2472 377 2579 AEQUis
393 2510 426 2566 Μ
508 2528 562 2568 non
578 2509 680 2567 viribus
695 2528 798 2584 aequos
813 2513 886 2568 cont.
903 2518 955 2571 230
970 2511 1154 2568 Sclaradcras
1177 2514 1249 2569 ‘non

103 2598 210 2654 viribus
228 2595 322 2669 aequis
343 2610 391 2651 ecs
411 2611 618 2668 congressuros
639 2596 790 2652 subaudis’
812 2596 938 2652 Servius.
963 2614 1017 2652 non
1033 2597 1135 2654 viribus
1156 2598 1249 2672 aequis
1342 2631 1345 2636 ·

5 2713 6 2748 3
104 2684 283 2753 interpolata
296 2695 357 2736 esse
373 2682 474 2736 statuit
487 2681 670 2749 BranclciuS,
686 2680 896 2754 Peerlkampns
911 2689 976 2738 orta
994 2688 1083 2753 putat
1099 2699 1138 2738 en
1153 2682 1174 2736 V
1188 2688 1248 2744 809.

105 2767 182 2823 Mihi
194 2766 372 2839 probabilius
386 2767 498 2822 videtur
513 2768 682 2822 sententiam
695 2784 712 2820 a
725 2772 811 2836 pocta
825 2766 1017 2838 inperfectam
1031 2769 1160 2824 relictam
1171 2783 1250 2828 esser

105 2869 176 2908 nam
199 2851 315 2908 debebat
332 2856 485 2921 utramque
506 2853 599 2907 airum
621 2853 716 2922 aliqua
740 2853 821 2908 modo
841 2854 917 2908 inter
931 2869 962 2909 sc
983 2869 1164 2923 comparare.

104 2942 255 2997 219-230
270 2951 322 2990 orn.
339 2936 368 2990 in
384 2941 478 2997 textu,
493 2937 523 2991 in
536 2938 681 3009 sinyutari
694 2934 765 3007 folia
784 2955 821 2991 m.
837 2940 997 2993 recentiore
1013 2937 1079 2993 add.
1094 2954 1113 3010 γ
1198 2943 1250 2997 219

105 3021 229 3094 ingressu
244 3037 299 3094 yn,
315 3020 456 3091 Obtonqus
467 3020 560 3076 Pierii
610 3020 688 3076 tardo
702 3019 884 3078 Sabradarus
898 3023 983 3077 tacito
998 3028 1120 3077 testatur
1132 3020 1250 3077 Servius

150 3104 286 3162 ΕΤΑΗΜΑ
298 3105 339 3162 Pi
363 3105 396 3159 ad
412 3104 515 3160 aramb
577 3111 629 3163 220
644 3105 764 3161 demasic
778 3106 811 3163 bl
832 3106 963 3162 demiioc
1019 3112 1069 3167 221
1088 3105 1213 3161 tabentes
1224 3119 1248 3171 c;

105 3189 277 3247 Mentctiani
282 3233 289 3256 ,
306 3207 322 3262 χ
350 3188 531 3245 Punuurss
546 3187 729 3261 (quamquam
744 3189 859 3245 Pierius
879 3207 915 3244 m.
938 3198 950 3249 1
968 3188 1137 3245 'taunucus
1158 3191 1250 3260 scrip·

104 3285 167 3332 tarn
187 3272 279 3345 [unse
296 3271 411 3346 narrat)
426 3273 461 3328 M
484 3273 652 3330 PVBENTES
669 3273 818 3348 Pnyrcm,
840 3273 983 3331 Macrobii
996 3275 1119 3345 exempl.
1147 3272 1250 3348 pallen-

106 3370 150 3417 tes
164 3359 335 3431 Biyotianns
393 3357 506 3414 iuuenili
519 3376 555 3427 nr,
572 3359 715 3415 Macrobii
725 3360 797 3414 Par.
807 3358 908 3416 Salisb.
964 3359 1138 3433 languerant
1154 3367 1250 3433 torpor

107 3443 295 3500 Sobradcrna
352 3448 404 3502 222
418 3460 449 3500 ac
466 3441 553 3514 (corr.
570 3446 599 3500 in
616 3442 665 3515 ut),
682 3460 735 3516 naq.
750 3453 781 3500 ut
795 3451 856 3518 γ2ο,
876 3451 906 3499 ut
923 3443 1098 3507 Mentatiani,
1114 3461 1130 3516 χ
1190 3461 1249 3500 cre·

108 3529 270 3602 betcorcyb
342 3533 395 3587 223
409 3527 507 3583 votat
526 3523 556 3602 (0
574 3545 651 3584 corr.
669 3530 699 3583 in
716 3527 788 3600 V)P
807 3528 1031 3603 VVLGIMRybc
1087 3527 1250 3584 LABENTIA

106 3615 135 3669 R
212 3611 422 3671 2249192971
437 3612 584 3686 ΜΡΒγῠε,
600 3612 744 3669 Diomedis
758 3621 785 3669 at
799 3614 940 3670 Arusiant
957 3617 1090 3686 exempl„
1107 3614 1252 3670 Prisciani

106 3699 240 3755 Heidelb.
268 3704 386 3754 camert.
407 3697 554 3753 Prisciani
573 3700 622 3756 797
644 3699 714 3753 Par.
734 3699 760 3753 R
788 3707 906 3756 cameris
926 3700 1040 3756 Mentat.
1059 3717 1127 3770 pn,
1146 3697 1248 3754 Morct.
1337 3733 1339 3740 ·

106 3789 189 3850 tart,
216 3782 364 3838 Prisciani
383 3786 433 3842 797
456 3788 484 3836 et
506 3787 558 3842 799
579 3783 738 3856 Βοηρανε.,
765 3789 817 3844 799
836 3785 954 3846 Bamb..
981 3784 1124 3842 Macrobii
1146 3783 1249 3840 Satist).

106 3875 248 3926 camerac
270 3867 419 3921 Prisciani
431 3870 481 3926 797
496 3865 583 3923 Hatb.
616 3875 750 3924 camertae
765 3869 913 3924 Prisciani
933 3876 960 3924 et
974 3867 1117 3924 Macrobii
1130 3885 1162 3922 ω.
1194 3868 1251 3923 Sed

106 3957 203 4024 ipsum
220 3950 399 4007 Macrobium
419 3950 535 4007 Camerti
556 3953 654 4025 loaisae
673 3967 788 4009 necesse
809 3960 865 4020 cst,
888 3954 939 4024 qui
959 3954 1078 4009 eundern
1101 3952 1249 4008 Camertem

106 4039 154 4094 bic
171 4038 228 4093 dici
242 4041 360 4104 statuat,
376 4051 459 4108 qaam
476 4039 506 4091 in
521 4038 628 4092 decimo
643 4033 714 4114 (562)
731 4039 843 4093 Aeneas
857 4039 1000 4093 occiderit.
1057 4043 1108 4096 225
1124 4036 1210 4104 QVO}
1226 4037 1253 4092 P

107 4155 161 4211 cvr
179 4153 293 4227 nayco
351 4171 380 4210 a.
397 4154 495 4228 (erasa
510 4149 533 4229 c)
550 4172 568 4228 y
628 4161 678 4216 aar
694 4155 784 4211 navr
800 4156 827 4212 a
849 4115 934 4211 Haur
951 4155 990 4239 n
1002 4155 1089 4211 rravn
1106 4155 1183 4230 ayne

107 4239 195 4297 inscia
210 4238 327 4296 Mantet.
341 4255 387 4311 pr.
403 4245 431 4296 ct
445 4239 561 4311 Menan.
576 4256 624 4310 pr.
712 4241 783 4297 baud
798 4241 890 4299 nescia
906 4257 996 4297 rerum
1019 4246 1083 4312 post
1098 4257 1122 4297 a.
1138 4246 1190 4298 222
1204 4255 1248 4313 sq.

107 4326 181 4383 actis
195 4325 286 4382 otiosa
299 4339 361 4380 essa
377 4325 512 4381 iudicauit
532 4325 693 4398 chneras
