2976 4880
486 321 616 364 venarer
631 321 743 364 nnnnrs
759 325 791 364 rx
1151 307 1209 369 133

153 492 246 552 uidisti
270 509 328 568 quo
351 491 469 549 Turnus
492 506 577 566 equo,
601 489 707 568 quibus
730 489 790 550 ilrat
811 493 841 550 ln
864 494 953 551 armis
1198 566 1205 578 .

152 621 274 663 aurens:
299 603 394 680 ipsnm
414 599 506 668 illum,
530 601 656 677 clipeum
677 603 837 680 cristasque
858 601 992 663 rubentis
1145 602 1207 666 270

152 713 293 791 excipiam
317 711 479 780 sortitam
503 729 582 770 nune
605 717 652 768 tua
676 710 817 788 praemia,
840 712 918 773 Nise.
1194 714 1197 722 “

151 830 303 902 praeterea
323 820 369 881 bis
391 837 442 881 sex
466 822 582 897 genitor
602 819 757 881 lectissima
776 829 903 883 matrum

151 951 276 1012 corpora
300 932 488 1010 captivosque
507 930 587 991 dabit
604 949 715 1010 suaque
734 932 875 997 ,omnibus
897 951 990 1003 arma,

150 1045 272 1122 insuper
293 1042 338 1101 liis
360 1043 456 1120 campi
479 1041 557 1120 quod
579 1059 632 1102 rex
656 1041 745 1102 habet
767 1045 832 1122 ipse
854 1043 981 1104 Latinus.

149 1161 178 1214 te
200 1170 280 1223 vero,
301 1169 366 1213 mea
385 1169 472 1230 quern
495 1153 596 1230 spatiis
617 1152 807 1231 propioribus
827 1161 907 1214 aetas

149 1265 324 1342 insequitur,
347 1240 513 1322 venerande
530 1281 613 1341 puer,
637 1264 695 1325 iarn
717 1271 837 1341 pectore
859 1270 920 1324 toto

149 1375 262 1453 accipio
285 1381 313 1433 et
335 1373 470 1433 comitem
494 1390 579 1433 casus
602 1372 782 1451 complector
804 1373 833 1434 in
857 1375 960 1435 omnis.

148 1482 227 1545 nulla
247 1484 321 1544 meis
340 1484 402 1543 sine
424 1488 453 1543 te
475 1467 634 1561 quaeretur
657 1483 748 1562 gloria
775 1483 880 1552 rebus:

148 1614 202 1656 seu
224 1611 327 1672 pacem
351 1611 403 1654 sen
426 1592 503 1654 bella
527 1612 638 1672 geram,
661 1593 715 1654 tibi
737 1596 862 1655 maxima
883 1613 983 1656 rerum

149 1705 367 1784 verborumque
389 1702 480 1765 lides'
514 1711 615 1764 contra
639 1723 726 1784 quern
750 1704 815 1765 talia
836 1705 913 1766 latur

147 1814 308 1894 Euryalus:
332 1823 394 1875 ‘me
415 1813 493 1876 nulla
516 1815 578 1875 dies
598 1821 656 1875 tam
677 1815 802 1876 sortibus
824 1818 902 1877 ansis

148 1923 320 1987 dissimilem
339 1928 485 2002 arguerit;
508 1931 634 1986 tantum:
657 1926 775 1986 lortuna
798 1928 926 1988 secunda

66 2208 268 2252 TESTIMONIA.

130 2298 181 2349 269
199 2297 358 2348 Macrobius
377 2297 433 2348 Sat.
453 2299 492 2348 VI
509 2296 534 2361 6,
556 2297 587 2346 12
683 2297 734 2348 270
752 2315 792 2364 sq.
813 2300 913 2364 ‘ipsum
1000 2297 1081 2349 sorti’
1099 2298 1204 2349 Nonius

66 2365 119 2428 293,
138 2367 168 2430 9,
258 2365 306 2415 271
326 2366 477 2415 Arusianus
495 2383 521 2432 p.
541 2366 591 2416 229
608 2368 640 2416 L.
744 2368 793 2417 ‘275
812 2383 851 2432 sq.
875 2367 950 2416 ‘mea
1036 2363 1202 2432 insequitur’

67 2436 147 2485 schol.
167 2436 235 2484 Hor.
257 2433 468 2496 carm.136‚8
570 2433 714 2484 278-280
739 2435 896 2487 ‘nulla...
916 2433 996 2486 lides’
1023 2436 1149 2484 Donatus
1169 2434 1204 2484 ad

66 2505 123 2552 Ter.
145 2502 207 2553 etin.
227 2502 269 2550 III
290 2501 311 2564 l,
333 2502 365 2550 12
399 2553 403 2561 ,
433 2501 484 2552 279
503 2501 566 2552 ‘seu
584 2507 610 2568 p.
629 2519 651 2554 s.
670 2503 696 2552 b.
716 2501 753 2568 g.‘
773 2503 904 2553 Claudius
923 2503 1059 2553 Sacerdos
1076 2505 1090 2554 1
1108 2503 1141 2552 74

66 2570 110 2620 281
129 2587 169 2637 sq.
189 2570 350 2620 Priscianus
368 2568 417 2619 881

67 2723 265 2736 ᾕ-μ--ὺ-ιο

65 2847 158 2889 VARIA
178 2845 307 2887 haculo.

125 2955 177 3010 259
192 2948 296 3004 ansas
313 2947 455 3004 Macram·
467 2929 538 3004 rai.
551 2966 569 3003 a
626 2906 713 3014 aav⁰
728 2949 755 3004 n
814 2947 1158 3015 annumereris.
1178 2949 1204 3005 n

104 3040 156 3095 270
170 3034 296 3109 clypeum
310 3034 342 3088 bc
398 3032 567 3088 numurus
581 3033 615 3086 M
636 3032 800 3089 conanus
817 3034 853 3101 R,
869 3040 900 3089 at
914 3034 946 3088 lll
960 3040 1012 3094 468
1084 3039 1134 3093 271
1151 3033 1204 3090 iarn

64 3113 109 3175 'tna
123 3115 225 3193 nuncp
248 3119 387 3175 nunciam
404 3126 450 3174 tua
466 3134 481 3173 c
537 3119 638 3192 nilaey
695 3124 841 3179 272-274
855 3120 973 3174 damnat
984 3117 1202 3189 Peerlkampus‚

64 3207 272 3277 interpretatur
288 3203 415 3259 Servius.
486 3207 538 3264 273
553 3203 728 3278 captiuolp
784 3204 911 3262 dabatcl
977 3203 1124 3265 metsM
1136 3224 1142 3258 :
1162 3202 1203 3274 cs.

65 3291 266 3346 Lachmannas
287 3289 374 3348 Lacr.
401 3293 461 3348 262.
503 3287 561 3344 Sea
583 3289 740 3344 Ladevicus
766 3304 925 3360 perperam
949 3307 1007 3360 pro
1033 3290 1204 3345 nominativo

64 3377 289 3449 interpretatur:
309 3373 347 3446 cf.
373 3374 534 3444 Wapnerus
548 3375 622 3429 lectt.
639 3373 722 3448 Verp.
737 3381 789 3435 389
811 3375 853 3430 his
868 3373 986 3432 Servius
1043 3374 1161 3430 unnrls
1176 3374 1204 3429 R

215 3453 230 3492 s

145 3509 240 3578 QVOD
254 3511 282 3565 P
307 3508 393 3577 QUOS
408 3508 493 3582 Myct
578 3514 630 3568 275
644 3508 869 3566 PROPllOlllBUS
882 3510 931 3568 Ml
965 3509 1204 3566 PROPRlORlBUS

67 3594 205 3670 Mthlcl
270 3600 321 3655 276
339 3591 563 3650 ΠΕΝΕΗΑΝΒΑΕ
581 3593 615 3648 M
684 3600 735 3654 277
752 3595 966 3652 CONPLEGTOR
985 3597 1027 3668 Py
1088 3600 1140 3656 279
1155 3613 1204 3652 seu

68 3697 156 3751 pacem
176 3698 196 3735 s.
214 3680 348 3753 lagenam
367 3681 405 3734 ad
420 3680 573 3750 superiora
590 3681 688 3735 retulit
706 3680 837 3736 Iahnius.
923 3687 971 3740 281
990 3679 1117 3738 Eurialul’
1131 3696 1147 3735 c

68 3763 141 3821 Nisus
163 3765 195 3820 ad
218 3765 284 3821 haec
315 3770 345 3819 ut
361 3770 411 3824 207
429 3764 576 3820 Prisciani
595 3765 719 3836 exempl.
805 3765 863 3820 dies
879 3782 1006 3839 umquam
1025 3772 1078 3819 tam
1098 3780 1138 3820 ex
1151 3771 1202 3826 447

70 3848 208 3906 Prisciani
222 3868 245 3904 ω
297 3848 590 3923 “282AVGVER1TR
658 3848 832 3905 tudunum
851 3849 988 3905 TANTUM
1002 3849 1156 3905 rourum
1173 3849 1206 3902 M

107 3942 240 3991 ‘tantumz
257 3937 449 3990 tantummodo
464 3933 517 3989 lroe
529 3949 645 4006 possum
661 3936 696 3989 de
711 3949 754 3988 me
768 3935 988 4004 promittere...
1003 3951 1069 3988 nam
1086 3941 1132 3989 aut
1146 3935 1200 3989 dis·

70 4017 187 4075 iuncliaa
200 4020 347 4090 particula
362 4026 412 4081 est,
428 4035 486 4074 non
497 4021 627 4091 repentis
642 4019 816 4074 adverbium.
836 4014 966 4094 [quidam
978 4019 1019 4073 sie
1030 4019 1204 4089 intellipunt:

71 4105 251 4162 tantummodo
274 4105 385 4159 fortuna
398 4120 531 4177 prospera
546 4121 599 4160 non
619 4104 646 4158 in
664 4103 828 4160 contrarium
846 4103 1009 4158 recidat...
1029 4103 1081 4157 alii
1093 4104 1134 4157 ita
1147 4118 1203 4174 pu-

71 4193 140 4244 tant:
155 4206 197 4245 me
216 4189 290 4244 nulla
305 4189 363 4244 dies
380 4187 538 4244 dissimilem
554 4198 664 4262 arguet,
691 4189 745 4244 sive
762 4181 889 4262 quaeest
907 4187 988 4243 hodie
1008 4188 1119 4243 fortuna
1140 4203 1202 4261 per·

67 4273 193 4330 manserit
213 4273 269 4329 sive
292 4274 373 4329 etiarn
394 4273 465 4328 laeta
486 4273 587 4329 luerit.
601 4315 626 4328 ..
644 4282 672 4328 et
691 4274 790 4329 melius
811 4275 915 4345 lepitur
935 4275 996 4329 sine
1017 4274 1202 4343 aspiratione.

72 4355 87 4408 i.
102 4373 124 4411 e.
144 4367 189 4414 aut
204 4358 328 4416 adversa'
344 4357 469 4414 Ser-aias.
